<record><leader>00000cas a2200000 a 4500</leader><controlfield tag="001">36270528</controlfield><controlfield tag="008">970127d18901893miudn n       0    0eng c</controlfield><datafield ind1=" " ind2=" " tag="010"><subfield code="a">sn 97063079 </subfield></datafield><datafield ind1=" " ind2=" " tag="040"><subfield code="a">MHN</subfield><subfield code="b">eng</subfield><subfield code="c">MHN</subfield><subfield code="d">OCL</subfield><subfield code="d">OCLCQ</subfield><subfield code="d">OCLCF</subfield><subfield code="d">OCLCO</subfield></datafield><datafield ind1="1" ind2=" " tag="029"><subfield code="a">AU@</subfield><subfield code="b">000013096136</subfield></datafield><datafield ind1=" " ind2=" " tag="042"><subfield code="a">pcc</subfield></datafield><datafield ind1=" " ind2=" " tag="043"><subfield code="a">n-us-mi</subfield></datafield><datafield ind1="0" ind2=" " tag="130"><subfield code="a">Evening news (Saginaw, Mich.)</subfield></datafield><datafield ind1="1" ind2="4" tag="245"><subfield code="a">The evening news.</subfield></datafield><datafield ind1="1" ind2="3" tag="246"><subfield code="a">Saginaw evening news</subfield></datafield><datafield ind1=" " ind2=" " tag="260"><subfield code="a">Saginaw, Mich. :</subfield><subfield code="b">Seemann &amp; Peters</subfield></datafield><datafield ind1=" " ind2=" " tag="300"><subfield code="a">v.</subfield></datafield><datafield ind1=" " ind2=" " tag="310"><subfield code="a">Daily (except Sun.)</subfield></datafield><datafield ind1="0" ind2=" " tag="362"><subfield code="a">Vol. 10, no. 30 (June 7, 1890)-v. 11, no. 108 (Sept. 14, 1891) ; 11th yr., no. 109 (Sept. 13, 1891)-12th yr. (Jan. 7, 1893).</subfield></datafield><datafield ind1=" " ind2=" " tag="515"><subfield code="a">Internal numbering designation dropped: Oct. 21, 1891.</subfield></datafield><datafield ind1=" " ind2="0" tag="651"><subfield code="a">Saginaw (Mich.)</subfield><subfield code="v">Newspapers.</subfield></datafield><datafield ind1=" " ind2="0" tag="651"><subfield code="a">Saginaw County (Mich.)</subfield><subfield code="v">Newspapers.</subfield></datafield><datafield ind1=" " ind2="7" tag="655"><subfield code="a">Newspapers.</subfield><subfield code="2">fast</subfield><subfield code="0">(OCoLC)fst01423814</subfield></datafield><datafield ind1=" " ind2="7" tag="651"><subfield code="a">Michigan</subfield><subfield code="z">Saginaw.</subfield><subfield code="2">fast</subfield><subfield code="0">(OCoLC)fst01210104</subfield></datafield><datafield ind1=" " ind2="7" tag="651"><subfield code="a">Michigan</subfield><subfield code="z">Saginaw County.</subfield><subfield code="2">fast</subfield><subfield code="0">(OCoLC)fst01202880</subfield></datafield><datafield ind1=" " ind2=" " tag="752"><subfield code="a">United States</subfield><subfield code="b">Michigan</subfield><subfield code="c">Saginaw</subfield><subfield code="d">Saginaw.</subfield></datafield><datafield ind1="0" ind2="0" tag="780"><subfield code="t">Saginaw evening news (East Saginaw, Mich.)</subfield><subfield code="w">(DLC)sn 97063078</subfield><subfield code="w">(OCoLC)36282280</subfield></datafield><datafield ind1="0" ind2="0" tag="785"><subfield code="t">Saginaw news (Saginaw, Mich. : 1893)</subfield><subfield code="w">(DLC)sn 97063080</subfield><subfield code="w">(OCoLC)36282355</subfield></datafield></record>